<record><leader>00000cas a22000007a 4500</leader><controlfield tag="001">11990590</controlfield><controlfield tag="008">850502c19699999wiudn ne      0    0eng d</controlfield><datafield ind1=" " ind2=" " tag="010"><subfield code="a">sn 85040574 </subfield></datafield><datafield ind1=" " ind2=" " tag="040"><subfield code="a">NPV</subfield><subfield code="b">eng</subfield><subfield code="c">NPV</subfield><subfield code="d">OCLCQ</subfield></datafield><datafield ind1=" " ind2=" " tag="042"><subfield code="a">msc</subfield></datafield><datafield ind1=" " ind2=" " tag="045"><subfield code="a">x6--</subfield></datafield><datafield ind1=" " ind2=" " tag="052"><subfield code="a">4123</subfield><subfield code="b">J4</subfield></datafield><datafield ind1="0" ind2=" " tag="130"><subfield code="a">Daily Jefferson County union (Fort Atkinson, Wis. : 1969)</subfield></datafield><datafield ind1="1" ind2="0" tag="245"><subfield code="a">Daily Jefferson County union.</subfield></datafield><datafield ind1=" " ind2=" " tag="260"><subfield code="a">Fort Atkinson, Wis. :</subfield><subfield code="b">W.D. Hoard &amp; Sons Co.,</subfield><subfield code="c">1969-</subfield></datafield><datafield ind1=" " ind2=" " tag="300"><subfield code="a">v. :</subfield><subfield code="b">ill.</subfield></datafield><datafield ind1=" " ind2=" " tag="310"><subfield code="a">Daily (except Sat., Sun. and holidays)</subfield></datafield><datafield ind1="0" ind2=" " tag="362"><subfield code="a">Vol. 99, no. 186 (Sept. 23, 1969)-</subfield></datafield><datafield ind1=" " ind2=" " tag="500"><subfield code="a">"An independent Republican newspaper."</subfield></datafield><datafield ind1=" " ind2=" " tag="500"><subfield code="a">Editor: R.L. Angus, Sept. 1969-</subfield></datafield><datafield ind1=" " ind2=" " tag="530"><subfield code="a">Available on microfilm from Micro Photo Division, Bell &amp; Howell.</subfield></datafield><datafield ind1=" " ind2=" " tag="752"><subfield code="a">United States</subfield><subfield code="b">Wisconsin</subfield><subfield code="c">Jefferson</subfield><subfield code="d">Fort Atkinson.</subfield></datafield><datafield ind1="0" ind2="0" tag="780"><subfield code="t">Daily Jefferson County union and Fort daily news</subfield><subfield code="w">(DLC)sn 85040573</subfield></datafield><datafield ind1="1" ind2=" " tag="029"><subfield code="a">AU@</subfield><subfield code="b">000025802628</subfield></datafield></record>